@article{rowley2014designing,
  title={Designing and using research questionnaires},
  author={Rowley, Jenny},
  journal={Management research review},
  year={2014},
  publisher={Emerald Group Publishing Limited}
}